<?xml version="1.0" encoding="UTF-8"?><collection xmlns="http://www.loc.gov/MARC21/slim"><record><leader>00385nam--2200157-i-4500</leader><controlfield tag="001">000015631</controlfield><controlfield tag="002">20161230</controlfield><controlfield tag="005">20170210205315</controlfield><controlfield tag="008">060222s1000------------r-----000-0-eng-d</controlfield><datafield ind1=" " ind2=" " tag="100"><subfield code="a">Curatu, Eugen</subfield></datafield><datafield ind1=" " ind2=" " tag="245"><subfield code="a">Optica. Teorie si aplicatii</subfield></datafield><datafield ind1=" " ind2=" " tag="260"><subfield code="a">Bucuresti</subfield><subfield code="b">Editura Tehnica</subfield><subfield code="c">1986</subfield></datafield><datafield ind1=" " ind2=" " tag="300"><subfield code="a">524 p</subfield></datafield><datafield ind1=" " ind2=" " tag="700"><subfield code="a">Moisil, George C</subfield></datafield><datafield ind1=" " ind2=" " tag="852"><subfield code="a">535</subfield></datafield><datafield ind1=" " ind2=" " tag="CAT"><subfield code="a">SYS</subfield><subfield code="c">20170210</subfield><subfield code="h">205315</subfield></datafield></record></collection>